3636 4740
784 381 1213 501 „nn-³-

187 653 261 705 nes
288 654 384 704 cum
410 617 685 726 indignatione
713 642 898 729 quaerat,
924 631 1131 730 quomodo
1149 629 1248 707 alter
1271 632 1346 707 sihi
1368 604 1551 731 arrogare
1572 655 1672 733 pos·
1759 730 1762 735 ,

189 779 262 867 sit,
290 790 339 853 ut
363 777 438 853 sihi
465 778 568 855 dicat
595 775 944 895 quemadmodum
968 780 1045 878 ipsi
1073 779 1291 857 dicendum
1310 781 1380 872 sit,
1406 803 1539 882 neque
1557 782 1675 867 alitet

186 930 380 1030 accepisse
412 932 608 1008 videntur
633 930 776 1008 vetusti
809 929 871 1016 illi
904 930 1079 1021 librarii,
1119 931 1312 1031 qui'eum
1338 955 1500 1013 versum
1527 944 1573 1007 et'
1589 935 1714 1009 De·
1755 895 1773 920 Α

186 1083 388 1160 mostheni
415 1084 648 1160 tribuerunt
674 1097 712 1158 et
738 1099 829 1161 ante
844 1085 981 1180 Niciae
1008 1084 1233 1175 orationem
1257 1083 1532 1187 collocarunt
1521 1097 1611 1174 rta,
1624 1101 1676 1162 ut

134 1306 136 1316 .
186 1237 511 1313 antecedentibus
537 1238 672 1337 potius
697 1236 826 1313 verbis
854 1232 938 1310 ἀλλ’
965 1232 1047 1308 εἰπὲ
1073 1233 1239 1333 θαρρὠν
1258 1263 1292 1308 κ.
1310 1238 1398 1309 ct
1410 1234 1673 1345 respondere

185 1386 384 1478 videatur3
424 1412 565 1462 verum
594 1388 712 1485 longe
738 1342 866 1464 alium
892 1410 1059 1463 sensum
1085 1408 1170 1496 esse
1196 1407 1242 1461 ex
1269 1361 1461 1483 Euripide
1488 1397 1669 1476 constat,

185 1537 257 1612 ubi
293 1537 400 1638 haec,
425 1538 509 1636 ipsa
536 1538 737 1613 Phaedrae
773 1537 891 1620 verba
923 1549 1021 1609 sunt
1056 1523 1288 1632 cogitantis,
1331 1536 1479 1633 quibus
1516 1537 1672 1643 artibus

184 1687 385 1762 nutricem
414 1687 544 1804 dicere
572 1703 683 1788 cogat
709 1712 753 1765 ea
780 1711 882 1788 quae
908 1687 1019 1764 illam
1048 1661 1132 1762 ase
1154 1685 1288 1784 potius
1312 1688 1451 1764 audire
1468 1701 1670 1814 oporteat;
1769 1726 1773 1731 ·

185 1834 296 1934 quod
326 1834 359 1909 si
392 1848 495 1908 rorte
529 1860 649 1935 supra
683 1835 815 1911 simile
839 1835 973 1937 Niciae
1000 1832 1216 1909 consilium
1242 1835 1503 1932 aperuimus,
1536 1810 1668 1928 nihil,

186 1985 356 2083 opinor,
399 1955 657 2064 dubitationis
683 2011 779 2065 esse
812 1949 961 2087 potest,
1002 1987 1103 2085 quin
1136 1985 1170 2066 is
1202 1985 1300 2083 ipse
1319 2010 1477 2076 versus,
1516 1988 1559 2062 in
1586 2013 1671 2088 quo
1708 2006 1711 2011 '

187 2160 348 2214 summa
374 2151 413 2213 et
439 2151 558 2236 caput
583 2136 668 2261 ejus
696 2135 853 2213 consilii
881 2133 1158 2218 contineatur
1182 2154 1268 2205 non
1294 2133 1417 2208 modo
1443 2135 1579 2211 Niciae
1598 2136 1669 2212 tri·

86 2293 97 2346 ·‘
176 2285 394 2375 ,buendus,
429 2286 499 2360 sed
526 2287 646 2360 etiam
673 2299 763 2381 post
789 2281 874 2380 ejus
900 2279 1019 2359 verba
1046 2302 1148 2378 qarae
1173 2279 1298 2357 modo
1324 2284 1570 2363 attulimus
1560 2311 1675 2366 mse.

142 2431 536 2506 -oefflmmffimt
1379 2527 1383 2533 9

284 2596 289 2599 ’
385 2577 469 2654 ἀλλ’
496 2577 569 2654 οὐκ
594 2541 742 2672 &rapot
766 2575 813 2652 τὸ
839 2576 993 2676 θρέττε·
1028 2573 1116 2660 πῶς
1142 2573 1193 2650 ἄν
1217 2565 1290 2652 οὖν
1315 2600 1413 2656 ποτε
1508 2662 1509 2666 ¹
1594 2647 1636 2671 ‚-

388 2733 540 2823 εἴποιμ’
538 2727 602 2806 ἄν
626 2725 724 2805 αὐτὸ
752 2728 852 2824 δῆτα
878 2729 1221 2825 κομψευριπικῶς
1427 2713 1429 2716 ⁴

383 2881 547 2966 πῶςὲίν
572 2879 620 2958 ὄὺ
645 2910 711 2974 μοι
736 2876 950 2968 λέξειαςω
917 2879 1000 2972 aul
1026 2877 1109 2979 χρῆ
1138 2881 1288 2978 'idpsum
1405 2986 1407 2991 ,
1503 2960 1509 2966 ‘
1561 2876 1564 2886 ¹

186 3000 267 3134 spuo
292 3030 394 3110 facto
421 3036 540 3111 etiam
566 3034 849 3154 Demosthenis
877 2999 1071 3127 deprecat
1061 3056 1100 3116 ιο
1125 3029 1275 3104 multo
1284 3029 1413 3128 aptior
1438 3029 1535 3120 erit,
1571 3026 1668 3130 quia
1715 2998 1738 3023 '¹

113 3273 115 3286 Ι
180 3148 353 3283 ipsius
342 3209 422 3283 Jam
449 3185 652 3285 Euripidis
684 3183 813 3259 verbis
846 3179 958 3282 loqui
985 3179 1116 3255 Nicias
1148 3179 1360 3286 inceperat.
1393 3182 1494 3286 ‘Hac
1530 3192 1670 3257 autem
1724 3230 1728 3235 «
1764 3167 1771 3176 ’

187 3330 447 3431 dispositione
476 3335 639 3432 probata
667 3330 861 3408 continuo
888 3320 1073 3430 sequitur
1102 3344 1149 3404 ut
1175 3331 1475 3406 antecdentium
1502 3354 1668 3431 quoque
1718 3405 1723 3412 Ι

185 3503 377 3558 versuum
402 3504 606 3582 personae·
622 3509 787 3582 prorsus
813 3448 1031 3559 mutandae
1057 3482 1163 3571 sint3
1205 3505 1306 3582 quae
1334 3496 1470 3564 tamen
1494 3461 1667 3559 mutatio

187 3641 344 3705 tantum
377 3632 486 3708 abest
518 3643 566 3706 ut
594 3631 768 3708 rationes
802 3645 959 3706 nostras
993 3631 1228 3721 conturbet,
1269 3644 1317 3706 ut
1347 3631 1400 3708 ita
1433 3631 1601 3706 demum
1628 3641 1669 3705 et
1719 3728 1724 3741 .
1778 3639 1779 3642 ‘

185 3797 300 3848 suam
327 3778 473 3877 cuique
500 3776 805 3852 convenientem
833 3753 1056 3885 orationem
1082 3779 1195 3854 reddi
1222 3792 1261 3855 et
1285 3780 1335 3856 ad
1361 3777 1516 3854 fontem
1541 3777 1665 3852 totius

187 3921 437 4026 confusionis
463 3925 661 4027 perveniri
680 3926 806 4001 liceat.
858 3894 962 4004 Nam
986 3955 1116 4028 quum
1133 3921 1313 4028 plerique
1332 3926 1486 4002 codices
1503 3948 1668 4000 versum
1699 3955 1706 3960 ‘

182 4071 414 4194 decimum,
451 4075 521 4184 qui
558 4072 796 4171 ejulationes
822 4073 981 4150 tantum
1011 4058 1214 4169 continet,
1248 4078 1323 4154 s'oli
1347 4078 1483 4158 Niciae
1509 4077 1670 4154 tribuis·
