<?xml version="1.0" encoding="UTF-8"?>
<!DOCTYPE html PUBLIC "-//W3C//DTD XHTML 1.0 Transitional//EN"
    "http://www.w3.org/TR/xhtml1/DTD/xhtml1-transitional.dtd">
<html xmlns="http://www.w3.org/1999/xhtml" xml:lang="en" lang="en">
 <head>
  <title>
</title>
<meta http-equiv="Content-Type" content="text/html;charset=utf-8" />
  <meta name='ocr-system' content='tesseract 3.04.00' />
  <meta name='ocr-capabilities' content='ocr_page ocr_carea ocr_par ocr_line ocrx_word'/>
</head>
<body>
  <div class='ocr_page' id='page_1' title='image "./disputatiodeper00hermgoog_0035.png"; bbox 0 0 3636 4740; ppageno 0'>
   <div class='ocr_carea' id='block_1_1' title="bbox 139 620 1781 1951">
    <p class='ocr_par' dir='ltr' id='par_1_1' title="bbox 199 620 1754 1200">
     <span class='ocr_line' id='line_1_1' title="bbox 202 620 1681 753; baseline 0.003 -26"><span class='ocrx_word' id='word_1_1' title='bbox 202 675 309 727; x_wconf 89' lang='lat' dir='ltr'><strong>mus.</strong></span> <span class='ocrx_word' id='word_1_2' title='bbox 367 652 537 728; x_wconf 79' lang='lat' dir='ltr'><strong>Externa</strong></span> <span class='ocrx_word' id='word_1_3' title='bbox 563 620 665 727; x_wconf 46' lang='lat' dir='ltr'><strong>vero&#39;</strong></span> <span class='ocrx_word' id='word_1_4' title='bbox 685 663 945 750; x_wconf 83' lang='lat' dir='ltr'><strong>argumenta,</strong></span> <span class='ocrx_word' id='word_1_5' title='bbox 987 652 1135 753; x_wconf 77' lang='lat' dir='ltr'><strong>quibus</strong></span> <span class='ocrx_word' id='word_1_6' title='bbox 1162 649 1281 728; x_wconf 91' lang='lat' dir='ltr'><strong>etiarn</strong></span> <span class='ocrx_word' id='word_1_7' title='bbox 1307 650 1543 753; x_wconf 85' lang='lat' dir='ltr'><strong>nuperrime</strong></span> <span class='ocrx_word' id='word_1_8' title='bbox 1569 655 1681 734; x_wconf 87' lang='lat' dir='ltr'><strong>Rau·</strong></span> 
     </span>
     <span class='ocr_line' id='line_1_2' title="bbox 199 798 1683 905; baseline 0.004 -29"><span class='ocrx_word' id='word_1_9' title='bbox 199 800 289 877; x_wconf 85' lang='lat' dir='ltr'><strong>kius</strong></span> <span class='ocrx_word' id='word_1_10' title='bbox 314 798 354 896; x_wconf 80' lang='lat'><strong>⁶⁸)</strong></span> <span class='ocrx_word' id='word_1_11' title='bbox 391 799 525 876; x_wconf 84' lang='lat' dir='ltr'><strong>Niciae</strong></span> <span class='ocrx_word' id='word_1_12' title='bbox 555 800 821 900; x_wconf 82' lang='lat' dir='ltr'><strong>praesentiam</strong></span> <span class='ocrx_word' id='word_1_13' title='bbox 848 799 1032 900; x_wconf 87' lang='lat' dir='ltr'><strong>sequenti</strong></span> <span class='ocrx_word' id='word_1_14' title='bbox 1056 801 1203 878; x_wconf 90' lang='lat' dir='ltr'><strong>actioni</strong></span> <span class='ocrx_word' id='word_1_15' title='bbox 1230 801 1291 878; x_wconf 90' lang='lat' dir='ltr'><strong>vel</strong></span> <span class='ocrx_word' id='word_1_16' title='bbox 1317 801 1425 879; x_wconf 84' lang='lat' dir='ltr'><strong>ultra</strong></span> <span class='ocrx_word' id='word_1_17' title='bbox 1451 825 1576 901; x_wconf 87' lang='lat' dir='ltr'><strong>quam</strong></span> <span class='ocrx_word' id='word_1_18' title='bbox 1608 828 1683 905; x_wconf 88' lang='lat' dir='ltr'><strong>per</strong></span> 
     </span>
     <span class='ocr_line' id='line_1_3' title="bbox 203 948 1682 1044; baseline 0 -16"><span class='ocrx_word' id='word_1_19' title='bbox 203 950 357 1028; x_wconf 90' lang='lat' dir='ltr'><strong>codices</strong></span> <span class='ocrx_word' id='word_1_20' title='bbox 382 950 499 1028; x_wconf 88' lang='lat' dir='ltr'><strong>liceat</strong></span> <span class='ocrx_word' id='word_1_21' title='bbox 521 951 721 1044; x_wconf 86' lang='lat' dir='ltr'><strong>vindicare</strong></span> <span class='ocrx_word' id='word_1_22' title='bbox 747 964 914 1033; x_wconf 87' lang='lat' dir='ltr'><strong>conatus</strong></span> <span class='ocrx_word' id='word_1_23' title='bbox 938 963 1015 1040; x_wconf 90' lang='lat' dir='ltr'><strong>est,</strong></span> <span class='ocrx_word' id='word_1_24' title='bbox 1040 961 1110 1026; x_wconf 91' lang='lat' dir='ltr'><strong>aut</strong></span> <span class='ocrx_word' id='word_1_25' title='bbox 1133 950 1355 1027; x_wconf 87' lang='lat' dir='ltr'><strong>admodum</strong></span> <span class='ocrx_word' id='word_1_26' title='bbox 1380 948 1481 1026; x_wconf 87' lang='lat' dir='ltr'><strong>levia</strong></span> <span class='ocrx_word' id='word_1_27' title='bbox 1501 963 1572 1027; x_wconf 89' lang='lat' dir='ltr'><strong>aut</strong></span> <span class='ocrx_word' id='word_1_28' title='bbox 1592 975 1682 1028; x_wconf 91' lang='lat' dir='ltr'><strong>om·</strong></span> 
     </span>
     <span class='ocr_line' id='line_1_4' title="bbox 202 1097 1680 1200; baseline -0.002 -22"><span class='ocrx_word' id='word_1_29' title='bbox 202 1104 303 1178; x_wconf 88' lang='lat' dir='ltr'><strong>nino</strong></span> <span class='ocrx_word' id='word_1_30' title='bbox 328 1099 424 1180; x_wconf 86' lang='lat' dir='ltr'><strong>falsa</strong></span> <span class='ocrx_word' id='word_1_31' title='bbox 452 1118 558 1178; x_wconf 88' lang='lat' dir='ltr'><strong>sunt.</strong></span> <span class='ocrx_word' id='word_1_32' title='bbox 612 1098 727 1180; x_wconf 80' lang='lat' dir='ltr'><strong>Cer&#39;te</strong></span> <span class='ocrx_word' id='word_1_33' title='bbox 749 1103 782 1178; x_wconf 92' lang='lat' dir='ltr'><strong>si</strong></span> <span class='ocrx_word' id='word_1_34' title='bbox 801 1103 956 1179; x_wconf 91' lang='lat' dir='ltr'><strong>codices</strong></span> <span class='ocrx_word' id='word_1_35' title='bbox 974 1097 1212 1200; x_wconf 84' lang='lat' dir='ltr'><strong>sequamur,</strong></span> <span class='ocrx_word' id='word_1_36' title='bbox 1238 1124 1371 1174; x_wconf 92' lang='lat' dir='ltr'><strong>unum</strong></span> <span class='ocrx_word' id='word_1_37' title='bbox 1392 1111 1551 1175; x_wconf 91' lang='lat' dir='ltr'><strong>tantum</strong></span> <span class='ocrx_word' id='word_1_38' title='bbox 1566 1122 1680 1198; x_wconf 84' lang='lat' dir='ltr'><strong>prae·</strong></span> 
     </span>
    </p>

    <p class='ocr_par' dir='ltr' id='par_1_2' title="bbox 139 1247 1781 1503">
     <span class='ocr_line' id='line_1_5' title="bbox 201 1247 1781 1352; baseline -0.002 -25"><span class='ocrx_word' id='word_1_39' title='bbox 201 1266 307 1328; x_wconf 88' lang='lat' dir='ltr'><strong>terea</strong></span> <span class='ocrx_word' id='word_1_40' title='bbox 343 1254 504 1329; x_wconf 85' lang='lat' dir='ltr'><strong>versum</strong></span> <span class='ocrx_word' id='word_1_41' title='bbox 536 1254 671 1330; x_wconf 84' lang='lat' dir='ltr'><strong>Niciae</strong></span> <span class='ocrx_word' id='word_1_42' title='bbox 708 1253 883 1329; x_wconf 88' lang='lat' dir='ltr'><strong>tribuere</strong></span> <span class='ocrx_word' id='word_1_43' title='bbox 916 1263 1118 1352; x_wconf 87' lang='lat' dir='ltr'><strong>oporteat,</strong></span> <span class='ocrx_word' id='word_1_44' title='bbox 1160 1250 1232 1351; x_wconf 91' lang='lat' dir='ltr'><strong>qui</strong></span> <span class='ocrx_word' id='word_1_45' title='bbox 1267 1247 1429 1326; x_wconf 85' lang='lat' dir='ltr'><strong>Cleonis</strong></span> <span class='ocrx_word' id='word_1_46' title='bbox 1462 1249 1681 1326; x_wconf 77' lang='lat' dir='ltr'><strong>adrentum</strong></span> <span class='ocrx_word' id='word_1_47' title='bbox 1776 1272 1781 1285; x_wconf 87' lang='lat'><strong>·</strong></span> 
     </span>
     <span class='ocr_line' id='line_1_6' title="bbox 139 1403 937 1503; baseline -0.003 -20"><span class='ocrx_word' id='word_1_48' title='bbox 139 1474 144 1483; x_wconf 89' lang='lat'>.</span> <span class='ocrx_word' id='word_1_49' title='bbox 203 1403 383 1503; x_wconf 78' lang='lat' dir='ltr'><strong>proxime</strong></span> <span class='ocrx_word' id='word_1_50' title='bbox 411 1405 608 1480; x_wconf 88' lang='lat' dir='ltr'><strong>antecedit</strong></span> <span class='ocrx_word' id='word_1_51' title='bbox 642 1409 693 1500; x_wconf 89' lang='lat' dir='ltr'><strong>(v.</strong></span> <span class='ocrx_word' id='word_1_52' title='bbox 717 1403 828 1502; x_wconf 59' lang='lat' dir='ltr'><strong>rw:</strong></span> <span class='ocrx_word' id='word_1_53' title='bbox 934 1476 937 1481; x_wconf 74' lang='grc'>,</span> 
     </span>
    </p>

    <p class='ocr_par' dir='ltr' id='par_1_3' title="bbox 318 1547 1367 1669">
     <span class='ocr_line' id='line_1_7' title="bbox 318 1547 1367 1669; baseline -0.008 -38"><span class='ocrx_word' id='word_1_54' title='bbox 318 1658 321 1669; x_wconf 85' lang='lat'>.</span> <span class='ocrx_word' id='word_1_55' title='bbox 397 1559 499 1650; x_wconf 81' lang='grc' dir='ltr'><em>οἴμοι</em></span> <span class='ocrx_word' id='word_1_56' title='bbox 524 1557 793 1652; x_wconf 75' lang='grc' dir='ltr'><strong><em>κακοδαίμων,</em></strong></span> <span class='ocrx_word' id='word_1_57' title='bbox 828 1553 850 1630; x_wconf 80' lang='grc' dir='ltr'><em>ὁ</em></span> <span class='ocrx_word' id='word_1_58' title='bbox 876 1547 1112 1654; x_wconf 71' lang='grc' dir='ltr'><strong>Παφλαγών</strong></span> <span class='ocrx_word' id='word_1_59' title='bbox 1137 1549 1367 1648; x_wconf 73' lang='grc' dir='ltr'><strong><em>ἐξέρχεται,</em></strong></span> 
     </span>
    </p>

    <p class='ocr_par' dir='ltr' id='par_1_4' title="bbox 198 1695 1679 1951">
     <span class='ocr_line' id='line_1_8' title="bbox 198 1695 1679 1803; baseline 0 -27"><span class='ocrx_word' id='word_1_60' title='bbox 198 1725 322 1803; x_wconf 88' lang='lat' dir='ltr'><strong>quem</strong></span> <span class='ocrx_word' id='word_1_61' title='bbox 355 1701 424 1802; x_wconf 88' lang='lat' dir='ltr'><strong>qui</strong></span> <span class='ocrx_word' id='word_1_62' title='bbox 458 1702 567 1777; x_wconf 87' lang='lat' dir='ltr'><strong>illius</strong></span> <span class='ocrx_word' id='word_1_63' title='bbox 595 1704 754 1779; x_wconf 88' lang='lat' dir='ltr'><strong>nomini</strong></span> <span class='ocrx_word' id='word_1_64' title='bbox 781 1703 1104 1802; x_wconf 89' lang='lat' dir='ltr'><strong>adscripserunt,</strong></span> <span class='ocrx_word' id='word_1_65' title='bbox 1142 1701 1195 1776; x_wconf 91' lang='lat' dir='ltr'><strong>ita</strong></span> <span class='ocrx_word' id='word_1_66' title='bbox 1221 1700 1297 1801; x_wconf 86' lang='lat' dir='ltr'><strong>sibi</strong></span> <span class='ocrx_word' id='word_1_67' title='bbox 1324 1707 1411 1775; x_wconf 85' lang='lat' dir='ltr'><strong>rem</strong></span> <span class='ocrx_word' id='word_1_68' title='bbox 1436 1695 1679 1776; x_wconf 78' lang='lat' dir='ltr'><strong>informasse</strong></span> 
     </span>
     <span class='ocr_line' id='line_1_9' title="bbox 201 1830 1679 1951; baseline 0.001 -28"><span class='ocrx_word' id='word_1_69' title='bbox 201 1849 406 1941; x_wconf 88' lang='lat' dir='ltr'><strong>videntur,</strong></span> <span class='ocrx_word' id='word_1_70' title='bbox 428 1866 475 1926; x_wconf 88' lang='lat' dir='ltr'><strong>ut</strong></span> <span class='ocrx_word' id='word_1_71' title='bbox 487 1851 618 1927; x_wconf 89' lang='lat' dir='ltr'><strong>Nicias</strong></span> <span class='ocrx_word' id='word_1_72' title='bbox 637 1851 706 1951; x_wconf 89' lang='lat' dir='ltr'><strong>qui</strong></span> <span class='ocrx_word' id='word_1_73' title='bbox 724 1852 767 1926; x_wconf 91' lang='lat' dir='ltr'><strong>in</strong></span> <span class='ocrx_word' id='word_1_74' title='bbox 785 1851 960 1927; x_wconf 82' lang='lat' dir='ltr'><strong>excubiis</strong></span> <span class='ocrx_word' id='word_1_75' title='bbox 978 1849 1099 1925; x_wconf 83' lang='lat' dir='ltr'><strong>fuerit</strong></span> <span class='ocrx_word' id='word_1_76' title='bbox 1114 1830 1251 1927; x_wconf 86' lang='lat' dir='ltr'><strong>contra</strong></span> <span class='ocrx_word' id='word_1_77' title='bbox 1268 1849 1587 1951; x_wconf 87' lang='lat' dir='ltr'><strong>Paphlagonem,</strong></span> <span class='ocrx_word' id='word_1_78' title='bbox 1605 1852 1679 1927; x_wconf 90' lang='lat' dir='ltr'><strong>ubi</strong></span> 
     </span>
    </p>
   </div>
   <div class='ocr_carea' id='block_1_2' title="bbox 121 1996 1803 2102">
    <p class='ocr_par' dir='ltr' id='par_1_5' title="bbox 121 1996 1803 2102">
     <span class='ocr_line' id='line_1_10' title="bbox 121 1996 1803 2102; baseline 0.004 -31"><span class='ocrx_word' id='word_1_79' title='bbox 121 2066 124 2071; x_wconf 89' lang='lat'><em>.</em></span> <span class='ocrx_word' id='word_1_80' title='bbox 196 1996 309 2073; x_wconf 89' lang='lat' dir='ltr'><strong>hunc</strong></span> <span class='ocrx_word' id='word_1_81' title='bbox 336 1997 651 2099; x_wconf 84' lang='lat' dir='ltr'><strong>expergefactum</strong></span> <span class='ocrx_word' id='word_1_82' title='bbox 678 2001 883 2102; x_wconf 89' lang='lat' dir='ltr'><strong>domoque</strong></span> <span class='ocrx_word' id='word_1_83' title='bbox 909 2002 1179 2101; x_wconf 85' lang='lat' dir='ltr'><strong>egredientem</strong></span> <span class='ocrx_word' id='word_1_84' title='bbox 1204 2001 1356 2090; x_wconf 90' lang='lat' dir='ltr'><strong>videat,</strong></span> <span class='ocrx_word' id='word_1_85' title='bbox 1396 2000 1544 2100; x_wconf 88' lang='lat' dir='ltr'><strong>etipse</strong></span> <span class='ocrx_word' id='word_1_86' title='bbox 1570 1998 1692 2080; x_wconf 73' lang='lat' dir='ltr'><strong>soras&#39;</strong></span> <span class='ocrx_word' id='word_1_87' title='bbox 1735 2048 1738 2053; x_wconf 95' lang='lat'>-</span> <span class='ocrx_word' id='word_1_88' title='bbox 1800 2022 1803 2028; x_wconf 83' lang='lat'>·</span> 
     </span>
    </p>
   </div>
   <div class='ocr_carea' id='block_1_3' title="bbox 198 2147 1718 2547">
    <p class='ocr_par' dir='ltr' id='par_1_6' title="bbox 198 2147 1718 2547">
     <span class='ocr_line' id='line_1_11' title="bbox 198 2147 1718 2255; baseline 0.003 -32"><span class='ocrx_word' id='word_1_89' title='bbox 198 2171 282 2223; x_wconf 90' lang='lat' dir='ltr'><strong>sese</strong></span> <span class='ocrx_word' id='word_1_90' title='bbox 306 2147 487 2249; x_wconf 89' lang='lat' dir='ltr'><strong>projiciat</strong></span> <span class='ocrx_word' id='word_1_91' title='bbox 512 2175 666 2251; x_wconf 86' lang='lat' dir='ltr'><strong>proque</strong></span> <span class='ocrx_word' id='word_1_92' title='bbox 693 2153 810 2229; x_wconf 86' lang='lat' dir='ltr'><strong>solito</strong></span> <span class='ocrx_word' id='word_1_93' title='bbox 837 2180 913 2229; x_wconf 93' lang='lat' dir='ltr'><strong>suo</strong></span> <span class='ocrx_word' id='word_1_94' title='bbox 939 2178 1084 2255; x_wconf 90' lang='lat' dir='ltr'><strong>pavore</strong></span> <span class='ocrx_word' id='word_1_95' title='bbox 1110 2153 1408 2244; x_wconf 84' lang='lat' dir='ltr'><strong>tumultuetur3</strong></span> <span class='ocrx_word' id='word_1_96' title='bbox 1446 2153 1545 2230; x_wconf 83' lang='lat' dir='ltr'><strong>atsi</strong></span> <span class='ocrx_word' id='word_1_97' title='bbox 1571 2166 1679 2230; x_wconf 86' lang='lat' dir='ltr'><strong>recte</strong></span> <span class='ocrx_word' id='word_1_98' title='bbox 1716 2224 1718 2228; x_wconf 75' lang='grc'><strong>,</strong></span> 
     </span>
     <span class='ocr_line' id='line_1_12' title="bbox 198 2284 1678 2402; baseline 0.005 -32"><span class='ocrx_word' id='word_1_99' title='bbox 198 2321 318 2395; x_wconf 86' lang='lat' dir='ltr'><strong>supra</strong></span> <span class='ocrx_word' id='word_1_100' title='bbox 346 2297 661 2396; x_wconf 84' lang='lat' dir='ltr'><strong>disputavimus,</strong></span> <span class='ocrx_word' id='word_1_101' title='bbox 694 2299 804 2376; x_wconf 88' lang='lat' dir='ltr'><strong>haud</strong></span> <span class='ocrx_word' id='word_1_102' title='bbox 831 2302 912 2377; x_wconf 90' lang='lat' dir='ltr'><strong>scio</strong></span> <span class='ocrx_word' id='word_1_103' title='bbox 939 2326 989 2378; x_wconf 90' lang='lat' dir='ltr'><strong>an</strong></span> <span class='ocrx_word' id='word_1_104' title='bbox 1016 2302 1127 2377; x_wconf 91' lang='lat' dir='ltr'><strong>huuc</strong></span> <span class='ocrx_word' id='word_1_105' title='bbox 1154 2326 1317 2402; x_wconf 90' lang='lat' dir='ltr'><strong>quoque</strong></span> <span class='ocrx_word' id='word_1_106' title='bbox 1340 2325 1503 2380; x_wconf 80' lang='lat' dir='ltr'><strong>versum</strong></span> <span class='ocrx_word' id='word_1_107' title='bbox 1527 2284 1678 2377; x_wconf 90' lang='lat' dir='ltr'><strong>melius</strong></span> 
     </span>
     <span class='ocr_line' id='line_1_13' title="bbox 201 2445 1679 2547; baseline 0.004 -26"><span class='ocrx_word' id='word_1_108' title='bbox 201 2446 248 2521; x_wconf 86' lang='lat' dir='ltr'><strong>od</strong></span> <span class='ocrx_word' id='word_1_109' title='bbox 276 2445 494 2521; x_wconf 88' lang='lat' dir='ltr'><strong>isiciarium</strong></span> <span class='ocrx_word' id='word_1_110' title='bbox 521 2448 828 2538; x_wconf 85' lang='lat' dir='ltr'><strong>transferamus,</strong></span> <span class='ocrx_word' id='word_1_111' title='bbox 856 2472 978 2547; x_wconf 89' lang='lat' dir='ltr'><strong>quem</strong></span> <span class='ocrx_word' id='word_1_112' title='bbox 1005 2472 1050 2525; x_wconf 86' lang='lat' dir='ltr'><strong>ex</strong></span> <span class='ocrx_word' id='word_1_113' title='bbox 1070 2448 1352 2527; x_wconf 85' lang='lat' dir='ltr'><strong>Demosthenis</strong></span> <span class='ocrx_word' id='word_1_114' title='bbox 1378 2450 1507 2528; x_wconf 85' lang='lat' dir='ltr'><strong>verbis</strong></span> <span class='ocrx_word' id='word_1_115' title='bbox 1528 2449 1679 2527; x_wconf 83' lang='lat' dir='ltr'><strong>intelli·</strong></span> 
     </span>
    </p>
   </div>
   <div class='ocr_carea' id='block_1_4' title="bbox 179 2598 1699 2701">
    <p class='ocr_par' dir='ltr' id='par_1_7' title="bbox 179 2598 1699 2701">
     <span class='ocr_line' id='line_1_14' title="bbox 179 2598 1699 2701; baseline 0.002 -29"><span class='ocrx_word' id='word_1_116' title='bbox 179 2676 182 2683; x_wconf 64' lang='grc'><strong>,</strong></span> <span class='ocrx_word' id='word_1_117' title='bbox 201 2599 333 2698; x_wconf 84' lang='lat' dir='ltr'><strong>gimus</strong></span> <span class='ocrx_word' id='word_1_118' title='bbox 361 2600 495 2675; x_wconf 88' lang='lat' dir='ltr'><strong>subito</strong></span> <span class='ocrx_word' id='word_1_119' title='bbox 516 2599 626 2675; x_wconf 90' lang='lat' dir='ltr'><strong>illius</strong></span> <span class='ocrx_word' id='word_1_120' title='bbox 648 2599 805 2675; x_wconf 88' lang='lat' dir='ltr'><strong>belluae</strong></span> <span class='ocrx_word' id='word_1_121' title='bbox 823 2602 1014 2699; x_wconf 88' lang='lat' dir='ltr'><strong>adspectu</strong></span> <span class='ocrx_word' id='word_1_122' title='bbox 1029 2600 1288 2698; x_wconf 88' lang='lat' dir='ltr'><strong>perterritum</strong></span> <span class='ocrx_word' id='word_1_123' title='bbox 1305 2598 1444 2700; x_wconf 77' lang='lat' dir='ltr'><strong>sugam·</strong></span> <span class='ocrx_word' id='word_1_124' title='bbox 1460 2625 1677 2701; x_wconf 88' lang='lat' dir='ltr'><strong>capessere,</strong></span> <span class='ocrx_word' id='word_1_125' title='bbox 1696 2600 1699 2605; x_wconf 76' lang='grc'>’</span> 
     </span>
    </p>
   </div>
   <div class='ocr_carea' id='block_1_5' title="bbox 40 2750 1679 2851">
    <p class='ocr_par' dir='ltr' id='par_1_8' title="bbox 40 2750 1679 2851">
     <span class='ocr_line' id='line_1_15' title="bbox 40 2750 1679 2851; baseline 0 -21"><span class='ocrx_word' id='word_1_126' title='bbox 40 2816 52 2830; x_wconf 82' lang='grc'><strong>.</strong></span> <span class='ocrx_word' id='word_1_127' title='bbox 141 2751 152 2837; x_wconf 60' lang='lat' dir='ltr'>J</span> <span class='ocrx_word' id='word_1_128' title='bbox 197 2773 329 2849; x_wconf 87' lang='lat' dir='ltr'><strong>neque</strong></span> <span class='ocrx_word' id='word_1_129' title='bbox 356 2750 514 2825; x_wconf 91' lang='lat' dir='ltr'><strong>duobus</strong></span> <span class='ocrx_word' id='word_1_130' title='bbox 540 2751 713 2850; x_wconf 91' lang='lat' dir='ltr'><strong>amplius</strong></span> <span class='ocrx_word' id='word_1_131' title='bbox 740 2751 978 2828; x_wconf 89' lang='lat' dir='ltr'><strong>homiuibus</strong></span> <span class='ocrx_word' id='word_1_132' title='bbox 1003 2753 1048 2827; x_wconf 90' lang='lat' dir='ltr'><strong>in</strong></span> <span class='ocrx_word' id='word_1_133' title='bbox 1073 2776 1191 2832; x_wconf 87' lang='lat' dir='ltr'><strong>scena</strong></span> <span class='ocrx_word' id='word_1_134' title='bbox 1211 2753 1514 2851; x_wconf 81' lang='lat' dir='ltr'><strong>adstaredualis</strong></span> <span class='ocrx_word' id='word_1_135' title='bbox 1530 2777 1679 2830; x_wconf 77' lang='lat' dir='ltr'><strong>mime-</strong></span> 
     </span>
    </p>
   </div>
   <div class='ocr_carea' id='block_1_6' title="bbox 143 2893 1788 3462">
    <p class='ocr_par' dir='ltr' id='par_1_9' title="bbox 143 2893 1788 3462">
     <span class='ocr_line' id='line_1_16' title="bbox 143 2893 1788 3004; baseline 0.001 -26"><span class='ocrx_word' id='word_1_136' title='bbox 143 2910 145 2916; x_wconf 84' lang='grc'><strong>’</strong></span> <span class='ocrx_word' id='word_1_137' title='bbox 197 2927 266 2978; x_wconf 90' lang='lat' dir='ltr'><strong>rus</strong></span> <span class='ocrx_word' id='word_1_138' title='bbox 293 2893 486 2994; x_wconf 72' lang='lat' dir='ltr'><strong>ost&#39;en&#39;dit,</strong></span> <span class='ocrx_word' id='word_1_139' title='bbox 513 2930 594 3004; x_wconf 91' lang='lat' dir='ltr'><strong>quo</strong></span> <span class='ocrx_word' id='word_1_140' title='bbox 622 2903 718 2980; x_wconf 87' lang='lat' dir='ltr'><strong>Cleo</strong></span> <span class='ocrx_word' id='word_1_141' title='bbox 746 2904 894 2978; x_wconf 85' lang='lat' dir='ltr'><strong>utitur:</strong></span> <span class='ocrx_word' id='word_1_142' title='bbox 924 2902 1035 2980; x_wconf 75' lang='lat' dir='ltr'><strong>odron</strong></span> <span class='ocrx_word' id='word_1_143' title='bbox 1059 2901 1114 2998; x_wconf 75' lang='grc' dir='ltr'><strong>μὰ</strong></span> <span class='ocrx_word' id='word_1_144' title='bbox 1140 2902 1238 2990; x_wconf 78' lang='grc' dir='ltr'><strong>τούς</strong></span> <span class='ocrx_word' id='word_1_145' title='bbox 1264 2900 1414 2979; x_wconf 75' lang='grc' dir='ltr'><em>δώδεκα</em></span> <span class='ocrx_word' id='word_1_146' title='bbox 1438 2900 1562 2995; x_wconf 72' lang='grc' dir='ltr'><strong><em>θεοὺς</em></strong></span> <span class='ocrx_word' id='word_1_147' title='bbox 1586 2933 1677 3000; x_wconf 74' lang='grc' dir='ltr'><strong>χαι·</strong></span> <span class='ocrx_word' id='word_1_148' title='bbox 1786 2919 1788 2923; x_wconf 79' lang='grc'>’</span> 
     </span>
     <span class='ocr_line' id='line_1_17' title="bbox 199 3021 1676 3160; baseline -0.002 -26"><span class='ocrx_word' id='word_1_149' title='bbox 199 3055 363 3156; x_wconf 60' lang='lat' dir='ltr'><strong>princeos</strong></span> <span class='ocrx_word' id='word_1_150' title='bbox 388 3050 473 3133; x_wconf 71' lang='lat' dir='ltr'><strong>m.</strong></span> <span class='ocrx_word' id='word_1_151' title='bbox 491 3063 541 3150; x_wconf 82' lang='grc' dir='ltr'><strong>λ.,</strong></span> <span class='ocrx_word' id='word_1_152' title='bbox 572 3071 619 3133; x_wconf 82' lang='lat' dir='ltr'><strong>ut</strong></span> <span class='ocrx_word' id='word_1_153' title='bbox 644 3083 728 3133; x_wconf 90' lang='lat' dir='ltr'><strong>nou</strong></span> <span class='ocrx_word' id='word_1_154' title='bbox 756 3056 940 3157; x_wconf 86' lang='lat' dir='ltr'><strong>appareat</strong></span> <span class='ocrx_word' id='word_1_155' title='bbox 966 3083 1048 3156; x_wconf 87' lang='lat' dir='ltr'><strong>quo</strong></span> <span class='ocrx_word' id='word_1_156' title='bbox 1074 3052 1244 3131; x_wconf 83' lang='lat' dir='ltr'><strong>consilio</strong></span> <span class='ocrx_word' id='word_1_157' title='bbox 1269 3057 1386 3154; x_wconf 74' lang='lat' dir='ltr'><strong>polita</strong></span> <span class='ocrx_word' id='word_1_158' title='bbox 1410 3021 1567 3131; x_wconf 90' lang='lat' dir='ltr'><strong>Niciam</strong></span> <span class='ocrx_word' id='word_1_159' title='bbox 1591 3068 1676 3160; x_wconf 87' lang='lat' dir='ltr'><strong>tam</strong></span> 
     </span>
     <span class='ocr_line' id='line_1_18' title="bbox 198 3203 1675 3322; baseline 0 -41"><span class='ocrx_word' id='word_1_160' title='bbox 198 3206 573 3306; x_wconf 83' lang='lat' dir='ltr'><strong>exiguointervallo</strong></span> <span class='ocrx_word' id='word_1_161' title='bbox 600 3221 640 3284; x_wconf 84' lang='lat' dir='ltr'><strong>et</strong></span> <span class='ocrx_word' id='word_1_162' title='bbox 673 3210 911 3311; x_wconf 79' lang='lat' dir='ltr'><strong>redeuutem</strong></span> <span class='ocrx_word' id='word_1_163' title='bbox 944 3222 982 3283; x_wconf 90' lang='lat' dir='ltr'><strong>et</strong></span> <span class='ocrx_word' id='word_1_164' title='bbox 1013 3208 1154 3283; x_wconf 88' lang='lat' dir='ltr'><strong>rursus</strong></span> <span class='ocrx_word' id='word_1_165' title='bbox 1188 3207 1412 3306; x_wconf 85' lang='lat' dir='ltr'><strong>digressum</strong></span> <span class='ocrx_word' id='word_1_166' title='bbox 1445 3203 1571 3282; x_wconf 86' lang='lat' dir='ltr'><strong>facere</strong></span> <span class='ocrx_word' id='word_1_167' title='bbox 1592 3231 1675 3322; x_wconf 85' lang='lat' dir='ltr'><strong>po·</strong></span> 
     </span>
     <span class='ocr_line' id='line_1_19' title="bbox 196 3337 1741 3462; baseline -0.001 -32"><span class='ocrx_word' id='word_1_168' title='bbox 196 3359 327 3440; x_wconf 82' lang='lat' dir='ltr'><strong>tuerit.</strong></span> <span class='ocrx_word' id='word_1_169' title='bbox 368 3352 557 3459; x_wconf 83' lang='lat' dir='ltr'><strong>Elmslejo</strong></span> <span class='ocrx_word' id='word_1_170' title='bbox 586 3361 774 3459; x_wconf 65' lang='lat' dir='ltr'><strong>enims),</strong></span> <span class='ocrx_word' id='word_1_171' title='bbox 807 3363 942 3462; x_wconf 83' lang='lat' dir='ltr'><strong>quiin</strong></span> <span class='ocrx_word' id='word_1_172' title='bbox 965 3337 1227 3460; x_wconf 81' lang='lat' dir='ltr'><strong>sequentibus</strong></span> <span class='ocrx_word' id='word_1_173' title='bbox 1252 3354 1372 3430; x_wconf 86' lang='lat' dir='ltr'><strong>etiam</strong></span> <span class='ocrx_word' id='word_1_174' title='bbox 1395 3356 1571 3453; x_wconf 84' lang='lat' dir='ltr'><strong>integros</strong></span> <span class='ocrx_word' id='word_1_175' title='bbox 1594 3366 1674 3429; x_wconf 88' lang='lat' dir='ltr'><strong>tres</strong></span> <span class='ocrx_word' id='word_1_176' title='bbox 1700 3401 1704 3409; x_wconf 77' lang='lat'><strong>,</strong></span> <span class='ocrx_word' id='word_1_177' title='bbox 1738 3360 1741 3364; x_wconf 80' lang='grc'><strong>’</strong></span> 
     </span>
    </p>
   </div>
   <div class='ocr_carea' id='block_1_7' title="bbox 197 3500 1692 3609">
    <p class='ocr_par' dir='ltr' id='par_1_10' title="bbox 197 3500 1692 3609">
     <span class='ocr_line' id='line_1_20' title="bbox 197 3500 1692 3609; baseline 0.003 -35"><span class='ocrx_word' id='word_1_178' title='bbox 197 3529 353 3595; x_wconf 81' lang='lat' dir='ltr'><strong>versus,</strong></span> <span class='ocrx_word' id='word_1_179' title='bbox 396 3507 466 3609; x_wconf 89' lang='lat' dir='ltr'><strong>qui</strong></span> <span class='ocrx_word' id='word_1_180' title='bbox 499 3509 619 3609; x_wconf 81' lang='lat' dir='ltr'><strong>vulgo</strong></span> <span class='ocrx_word' id='word_1_181' title='bbox 645 3511 909 3587; x_wconf 86' lang='lat' dir='ltr'><strong>Demostheni</strong></span> <span class='ocrx_word' id='word_1_182' title='bbox 937 3511 1196 3598; x_wconf 87' lang='lat' dir='ltr'><strong>tribuuntur,</strong></span> <span class='ocrx_word' id='word_1_183' title='bbox 1233 3506 1368 3604; x_wconf 83' lang='lat' dir='ltr'><strong>Niciae</strong></span> <span class='ocrx_word' id='word_1_184' title='bbox 1387 3529 1477 3582; x_wconf 80' lang='lat' dir='ltr'><strong>:esse</strong></span> <span class='ocrx_word' id='word_1_185' title='bbox 1498 3500 1692 3601; x_wconf 80' lang='lat' dir='ltr'><strong>conjecit</strong></span> 
     </span>
    </p>
   </div>
   <div class='ocr_carea' id='block_1_8' title="bbox 198 3717 1732 4010">
    <p class='ocr_par' dir='ltr' id='par_1_11' title="bbox 198 3717 1732 4010">
     <span class='ocr_line' id='line_1_21' title="bbox 268 3717 952 3825; baseline -0.001 -18"><span class='ocrx_word' id='word_1_186' title='bbox 268 3754 314 3821; x_wconf 69' lang='lat'><strong>38)</strong></span> <span class='ocrx_word' id='word_1_187' title='bbox 342 3758 371 3807; x_wconf 81' lang='lat' dir='ltr'><strong>ln</strong></span> <span class='ocrx_word' id='word_1_188' title='bbox 388 3775 478 3808; x_wconf 86' lang='lat' dir='ltr'><strong>comm.</strong></span> <span class='ocrx_word' id='word_1_189' title='bbox 496 3759 529 3808; x_wconf 89' lang='lat' dir='ltr'><strong>de</strong></span> <span class='ocrx_word' id='word_1_190' title='bbox 547 3757 599 3808; x_wconf 80' lang='lat' dir='ltr'><strong>vita</strong></span> <span class='ocrx_word' id='word_1_191' title='bbox 617 3717 747 3825; x_wconf 66' lang='lat' dir='ltr'><strong>dristoph.</strong></span> <span class='ocrx_word' id='word_1_192' title='bbox 771 3757 952 3824; x_wconf 74' lang='lat' dir='ltr'><strong>p.599·sequ.</strong></span> 
     </span>
     <span class='ocr_line' id='line_1_22' title="bbox 252 3845 1732 3919; baseline 0 -21"><span class='ocrx_word' id='word_1_193' title='bbox 252 3847 317 3914; x_wconf 66' lang='lat' dir='ltr'><strong>tto)</strong></span> <span class='ocrx_word' id='word_1_194' title='bbox 343 3851 371 3900; x_wconf 90' lang='lat' dir='ltr'><strong>ln</strong></span> <span class='ocrx_word' id='word_1_195' title='bbox 388 3851 430 3902; x_wconf 86' lang='lat' dir='ltr'><strong>tlrc</strong></span> <span class='ocrx_word' id='word_1_196' title='bbox 448 3851 567 3902; x_wconf 83' lang='lat' dir='ltr'><strong>clussieal</strong></span> <span class='ocrx_word' id='word_1_197' title='bbox 583 3850 692 3901; x_wconf 78' lang='lat' dir='ltr'><strong>Journal</strong></span> <span class='ocrx_word' id='word_1_198' title='bbox 709 3869 733 3901; x_wconf 84' lang='lat' dir='ltr'><strong>n.</strong></span> <span class='ocrx_word' id='word_1_199' title='bbox 752 3851 805 3911; x_wconf 83' lang='lat' dir='ltr'><strong>Xl,</strong></span> <span class='ocrx_word' id='word_1_200' title='bbox 822 3868 848 3917; x_wconf 88' lang='lat' dir='ltr'><strong>p.</strong></span> <span class='ocrx_word' id='word_1_201' title='bbox 865 3850 934 3900; x_wconf 62' lang='grc' dir='ltr'><strong>Ὧδε</strong></span> <span class='ocrx_word' id='word_1_202' title='bbox 961 3847 1089 3919; x_wconf 74' lang='lat' dir='ltr'><strong>Beforcl</strong></span> <span class='ocrx_word' id='word_1_203' title='bbox 1112 3848 1168 3919; x_wconf 78' lang='lat' dir='ltr'><strong>quit</strong></span> <span class='ocrx_word' id='word_1_204' title='bbox 1183 3846 1253 3900; x_wconf 80' lang='lat' dir='ltr'><strong>these</strong></span> <span class='ocrx_word' id='word_1_205' title='bbox 1270 3845 1339 3899; x_wconf 77' lang='lat' dir='ltr'><strong>ttree</strong></span> <span class='ocrx_word' id='word_1_206' title='bbox 1358 3864 1444 3899; x_wconf 76' lang='lat' dir='ltr'><strong>versus</strong></span> <span class='ocrx_word' id='word_1_207' title='bbox 1467 3846 1500 3916; x_wconf 80' lang='lat' dir='ltr'><strong>of</strong></span> <span class='ocrx_word' id='word_1_208' title='bbox 1517 3845 1674 3918; x_wconf 52' lang='lat' dir='ltr'><strong>Araitnpda-</strong></span> <span class='ocrx_word' id='word_1_209' title='bbox 1727 3867 1732 3872; x_wconf 93' lang='lat'>·</span> 
     </span>
     <span class='ocr_line' id='line_1_23' title="bbox 198 3936 1676 4010; baseline 0.001 -23"><span class='ocrx_word' id='word_1_210' title='bbox 198 3946 260 3996; x_wconf 70' lang='lat' dir='ltr'><strong>nes,</strong></span> <span class='ocrx_word' id='word_1_211' title='bbox 278 3936 294 3986; x_wconf 83' lang='lat' dir='ltr'><strong>l</strong></span> <span class='ocrx_word' id='word_1_212' title='bbox 310 3949 378 3990; x_wconf 79' lang='lat' dir='ltr'><strong>trust</strong></span> <span class='ocrx_word' id='word_1_213' title='bbox 395 3942 513 4000; x_wconf 74' lang='lat' dir='ltr'><strong>observo,</strong></span> <span class='ocrx_word' id='word_1_214' title='bbox 532 3939 589 3990; x_wconf 80' lang='lat' dir='ltr'><strong>tltat</strong></span> <span class='ocrx_word' id='word_1_215' title='bbox 607 3940 667 4008; x_wconf 76' lang='lat' dir='ltr'><strong>they</strong></span> <span class='ocrx_word' id='word_1_216' title='bbox 685 3939 764 4010; x_wconf 68' lang='lat' dir='ltr'><strong>ouyltt</strong></span> <span class='ocrx_word' id='word_1_217' title='bbox 782 3940 870 3990; x_wconf 77' lang='lat' dir='ltr'><strong>rather</strong></span> <span class='ocrx_word' id='word_1_218' title='bbox 887 3950 913 3990; x_wconf 90' lang='lat' dir='ltr'><strong>to</strong></span> <span class='ocrx_word' id='word_1_219' title='bbox 933 3941 963 3990; x_wconf 79' lang='lat' dir='ltr'><strong>be</strong></span> <span class='ocrx_word' id='word_1_220' title='bbox 980 3939 1123 3991; x_wconf 78' lang='lat' dir='ltr'><strong>attributed</strong></span> <span class='ocrx_word' id='word_1_221' title='bbox 1138 3949 1165 3991; x_wconf 88' lang='lat' dir='ltr'><strong>to</strong></span> <span class='ocrx_word' id='word_1_222' title='bbox 1178 3938 1272 3992; x_wconf 72' lang='lat' dir='ltr'><strong>Nicias</strong></span> <span class='ocrx_word' id='word_1_223' title='bbox 1289 3939 1355 3992; x_wconf 71' lang='lat' dir='ltr'><strong>tlrar&#39;t</strong></span> <span class='ocrx_word' id='word_1_224' title='bbox 1368 3948 1394 3990; x_wconf 89' lang='lat' dir='ltr'><strong>to</strong></span> <span class='ocrx_word' id='word_1_225' title='bbox 1406 3936 1597 3991; x_wconf 65' lang='lat' dir='ltr'><strong>Dernostltcnesa</strong></span> <span class='ocrx_word' id='word_1_226' title='bbox 1621 3938 1676 3989; x_wconf 75' lang='lat' dir='ltr'><strong>Tlrc</strong></span> 
     </span>
    </p>
   </div>
   <div class='ocr_carea' id='block_1_9' title="bbox 111 4025 1737 4198">
    <p class='ocr_par' dir='ltr' id='par_1_12' title="bbox 111 4025 1737 4198">
     <span class='ocr_line' id='line_1_24' title="bbox 116 4025 1737 4111; baseline 0.007 -34"><span class='ocrx_word' id='word_1_227' title='bbox 116 4040 121 4049; x_wconf 64' lang='grc'><em>“</em></span> <span class='ocrx_word' id='word_1_228' title='bbox 198 4025 310 4079; x_wconf 70' lang='lat' dir='ltr'><strong>inordinat</strong></span> <span class='ocrx_word' id='word_1_229' title='bbox 327 4029 360 4099; x_wconf 80' lang='lat' dir='ltr'><strong>of</strong></span> <span class='ocrx_word' id='word_1_230' title='bbox 370 4030 413 4080; x_wconf 75' lang='lat' dir='ltr'><strong>tlte</strong></span> <span class='ocrx_word' id='word_1_231' title='bbox 431 4029 521 4099; x_wconf 77' lang='grc' dir='ltr'><em>δῆμος</em></span> <span class='ocrx_word' id='word_1_232' title='bbox 540 4051 569 4083; x_wconf 83' lang='lat' dir='ltr'><strong>or</strong></span> <span class='ocrx_word' id='word_1_233' title='bbox 585 4033 679 4103; x_wconf 78' lang='lat' dir='ltr'><strong>parislt</strong></span> <span class='ocrx_word' id='word_1_234' title='bbox 696 4034 783 4111; x_wconf 71' lang='lat' dir='ltr'><strong>called</strong></span> <span class='ocrx_word' id='word_1_235' title='bbox 797 4034 984 4105; x_wconf 73' lang='lat' dir='ltr'><strong>Hepyoronl&#39;t&#39;s</strong></span> <span class='ocrx_word' id='word_1_236' title='bbox 1002 4035 1133 4088; x_wconf 80' lang='lat' dir='ltr'><strong>rtotmude</strong></span> <span class='ocrx_word' id='word_1_237' title='bbox 1151 4035 1314 4090; x_wconf 71' lang='lat' dir='ltr'><strong>strandum.</strong></span> <span class='ocrx_word' id='word_1_238' title='bbox 1339 4035 1369 4088; x_wconf 79' lang='lat'><strong>11</strong></span> <span class='ocrx_word' id='word_1_239' title='bbox 1385 4032 1674 4108; x_wconf 70' lang='lat' dir='ltr'><strong>uppeurssromdtlte-</strong></span> <span class='ocrx_word' id='word_1_240' title='bbox 1734 4034 1737 4041; x_wconf 89' lang='grc'><strong>’</strong></span> 
     </span>
     <span class='ocr_line' id='line_1_25' title="bbox 111 4123 764 4198; baseline 0.009 -24"><span class='ocrx_word' id='word_1_241' title='bbox 111 4170 114 4181; x_wconf 95' lang='grc'><em>,</em></span> <span class='ocrx_word' id='word_1_242' title='bbox 200 4143 295 4185; x_wconf 68' lang='lat' dir='ltr'><strong>uarro,</strong></span> <span class='ocrx_word' id='word_1_243' title='bbox 312 4124 371 4175; x_wconf 75' lang='lat' dir='ltr'><strong>that</strong></span> <span class='ocrx_word' id='word_1_244' title='bbox 385 4123 479 4176; x_wconf 80' lang='lat' dir='ltr'><strong>Nicias</strong></span> <span class='ocrx_word' id='word_1_245' title='bbox 495 4145 552 4179; x_wconf 85' lang='lat' dir='ltr'><strong>was</strong></span> <span class='ocrx_word' id='word_1_246' title='bbox 569 4127 764 4198; x_wconf 66' lang='grc' dir='ltr'><strong>Περγασῆθεν.</strong></span> 
     </span>
    </p>
   </div>
   <div class='ocr_carea' id='block_1_10' title="bbox 0 0 1822 4740">
    <p class='ocr_par' dir='ltr' id='par_1_13' title="bbox 0 0 1822 4740">
     <span class='ocr_line' id='line_1_26' title="bbox 0 0 1822 4740; baseline 0 2"><span class='ocrx_word' id='word_1_247' title='bbox 0 0 1822 4740; x_wconf 95' lang='lat' dir='ltr'><strong> </strong></span> 
     </span>
    </p>
   </div>
  </div>
 </body>
</html>
