3636 4740
718 460 1082 548 --18-

200 688 514 791 disputationem
546 681 701 784 aliquid
732 677 933 769 conferet,
973 648 1023 753 ut
1051 701 1157 755 novo
1193 679 1375 779 exemplo
1405 678 1682 780 intelligamus
1743 663 1746 667 ⁵

199 838 509 937 Aristophanem
539 835 778 933 neutiquam
811 855 929 909 caeco
958 831 1133 931 partium
1164 830 1298 906 studio
1325 831 1496 906 ductum
1521 830 1566 905 in
1591 853 1685 905 uno
1730 900 1735 908 .

173 1001 359 1065 ,tantum
391 985 610 1062 hominum
633 998 796 1086 genere·
829 981 1162 1082 reprehendendo
1188 960 1441 1073 substitisse,
1469 983 1539 1058 sed
1564 1003 1685 1082 quas·
1757 968 1761 977 ’

201 1161 365 1238 cunque
391 1138 661 1239 corruptionis
687 1151 806 1252 atque
829 1117 1111 1212 imbecillitatis
1132 1131 1317 1234 publicae
1338 1157 1476 1217 causas
1487 1123 1686 1234 sanititati·

200 1289 398 1380 vertisset,
436 1289 565 1365 multa
601 1313 696 1363 cnm
731 1284 911 1364 libertate
945 1297 1125 1375 notasse,
1165 1284 1276 1385 qnod
1307 1285 1446 1384 ipsum
1477 1283 1521 1357 in
1546 1282 1686 1361 Niciae
1757 1345 1761 1349 .

131 1406 133 1419 Α
203 1459 368 1536 quoque
393 1459 564 1534 persona
588 1436 798 1511 ostendere
823 1433 1132 1524 constitueramr
1171 1456 1274 1532 quae
1299 1447 1436 1508 tamen
1462 1443 1557 1506 ιιιιιι
1581 1425 1688 1526 sint,

205 1587 302 1663 satis.
323 1584 452 1663 habeo
478 1583 584 1658 nihil
604 1579 786 1673 exstare,
808 1582 934 1673 unde
960 1582 1157 1681 appareat
1165 1581 1326 1679 poi-tam
1351 1605 1537 1680 unquam
1562 1581 1611 1657 ab
1640 1605 1689 1662 ea
1776 1575 1780 1581 ’

204 1735 356 1836 ingenii
392 1731 503 1808 illius
534 1731 803 1830 descriptione·
831 1727 1065 1818 recessisse,
1102 1750 1225 1827 quam
1256 1727 1300 1802 in
1321 1695 1522 1828 'Equitum
1546 1723 1687 1809 fabula
1751 1821 1752 1824 Ἴ

204 1881 450 1984 propositam
483 1877 564 1977 jam
597 1879 819 1956 accuratius
847 1877 1223 1977 contemplabimur.

306 2035 397 2127 Quo
418 2030 461 2105 in
478 2028 568 2104 loco
586 2029 936 2129 praemonendum
953 2038 1013 2101 est
1029 2048 1124 2101 sane
1140 2048 1293 2101 nomen
1304 2025 1459 2116 Niciae,
1481 2026 1514 2101 si
1532 2024 1580 2102 ab
1598 2051 1690 2104 uno
1722 2012 1735 2068 ἵ
1798 2025 1801 2031 ’

110 2231 115 2235 ·
207 2183 296 2260 loco
323 2182 570 2272 discesseris,
596 2180 667 2279 qui
692 2181 742 2257 ad
767 2179 967 2275 actionem
995 2178 1162 2280 ejusqre
1187 2204 1376 2279 personas
1402 2183 1574 2258 omnino
1599 2136 1690 2259 non

208 2325 479 2431 pertinente),
504 2327 550 2400 in
565 2338 647 2402 tota
664 2325 798 2402 sabula
815 2351 903 2402 non
917 2328 1045 2425 magis
1059 2351 1245 2427 apparere
1264 2355 1385 2429 quam
1393 2331 1691 2408 Demosthenis

212 2489 281 2556 aut
306 2472 491 2562 Cleonis,
529 2448 698 2546 fortasse
717 2442 820 2569 'quia
849 2473 1072 2549 liberorum
1102 2477 1322 2554 hominum
1354 2483 1526 2559 nomina
1556 2475 1691 2577 servili
1748 2568 1752 2574 ,

211 2623 453 2719 conditioni,
480 2645 562 2722 (pra
576 2620 667 2698 illos
685 2622 841 2715 induit,
863 2624 1006 2703 minus
1027 2605 1307 2702 convenissent
1320 2630 1380 2726 ὅ9)
1408 2645 1580 2708 attamen
1597 2654 1690 2705 mo·
1707 2654 1734 2688 ‘·
1774 2686 1780 2696 -
1811 2703 1814 2710 ,

211 2797 275 2850 res
300 2770 384 2870 ejus
411 2771 530 2848 etiarn
553 2771 632 2846 sub
650 2770 779 2848 aliena
800 2797 972 2872 persona
993 2801 1079 2854 non
1096 2778 1235 2888 minus
1252 2781 1429 2925 insignes
1452 2797 1548 2868 sunt
1565 2806 1691 2885 quam

108 3017 110 3020 Α
213 2923 403 3012 illorum
440 2943 484 2996 ac
515 2920 641 2996 licet
630 2945 675 2994 an
701 2919 869 3020 prologo
892 2923 1044 3000 multo
1052 2929 1278 3005 accuratius
1301 2912 1424 3030 quam
1450 2932 1494 3006 in
1520 2955 1692 3033 sequen·

78 3060 80 3067 Α
106 3091 110 3097 ’
193 3078 322 3154 'tibus
349 3075 481 3151 scenis
505 3048 656 3152 servilis
678 3073 839 3151 habitus
858 3071 1274 3182 domesticarumque
1271 3085 1526 3184 querelarum
1541 3087 1695 3184 species
1754 3067 1756 3073 ¹

215 3209 364 3306 servata
390 3226 441 3301 sit
454 3226 521 3324 ⁴⁰),
543 3225 753 3303 neminem
779 3254 965 3331 unquam
986 3228 1114 3308 fuisse
1129 3235 1323 3323 arbitror,
1346 3232 1446 3332 quin
1468 3233 1532 3310 vel
1551 3244 1695 3337 super·
1751 3274 1784 3316 .-

287 3472 333 3539 58)
356 3473 422 3539 Equ.
438 3488 463 3523 r
478 3449 547 3523 558.
564 3470 706 3545 λαρυγγιῶ
722 3494 788 3538 τιιιις
806 3475 927 3562 ρήιορας
944 3476 992 3531 καὶ
1010 3477 1116 3534 Νικίαν
1131 3474 1261 3546 ταράξω,
1284 3479 1325 3532 cui
1341 3484 1490 3534 natantum
1508 3486 1611 3553 quidem
1626 3504 1694 3553 pan-

209 3565 287 3616 deris
303 3565 452 3625 tribuerim,
480 3570 602 3630 quantum
617 3569 769 3622 Plutarchus
786 3572 847 3621 iecit
863 3572 938 3623 inV
956 3570 1085 3623 Nicinec.
1099 3569 1127 3623 ll.
1395 3616 1396 3620 ,

287 3658 335 3725 59)
361 3656 402 3708 Ab
426 3657 608 3732 interpretibus
631 3666 729 3713 tanturn
750 3666 875 3715 traditum
892 3669 988 3716 narrat
998 3665 1145 3736 argumenti
1160 3620 1284 3734 scriptam
1311 3667 1425 3737 *λέγουσι
1451 3671 1482 3721 δὲ
1507 3667 1560 3724 τῶν
1583 3670 1697 3725 οἰκετῶν
1783 3692 1785 3699 ·

166 3721 168 3730 ¹
220 3749 268 3805 ιόι
284 3751 334 3817 μὲν
350 3749 422 3805 elren
429 3750 641 3820 Aquod-traps,
657 3752 704 3808 τὸν
721 3755 750 3807 ιιι
767 3755 933 3827 Nmt'oevst’
919 3777 947 3813 ιιι
977 3747 1031 3812 ὦσι
1051 3757 1208 3831 δημηγόροι
1225 3758 1258 3814 οἱ
1273 3759 1338 3814 δύο
1372 3763 1443 3813 Conl'.
1460 3763 1575 3814 Ranhius
1593 3767 1625 3816 de
1642 3766 1700 3817 vita

221 3844 349 3912 Aristoplr.
374 3861 404 3912 p..
418 3845 483 3898 589

292 3935 347 4002 48)
369 3937 454 3988 Unum
478 3943 577 3988 tantum
601 3935 708 3988 uerbum
725 3941 810 3990 estin
822 3943 933 4015 prologo
950 3947 1053 4013 atque
1044 3963 1102 4015 apsa
1118 3946 1296 3999 Demosthenis
1313 3950 1474 4010 damtione,
1499 3953 1567 4018 qnod
1584 3958 1614 4003 ιιι
1629 3969 1698 4004 nusae
1812 3935 1814 3940 Ι

226 4026 346 4079 scribitur
362 4025 421 4078 huie
438 4028 531 4079 rationi
547 4045 598 4078 nou
615 4033 715 4094 constet
731 4029 901 4100 lectoremque
918 4052 968 4086 ιιοιι
986 4040 1054 4088 tecta
1075 4037 1162 4105 aliqua
1187 4040 1371 4110 significatione
1393 4049 1420 4096 et
1442 4044 1510 4098 anab
1503 4047 1609 4116 gnitate
1635 4049 1699 4101 scite

203 4118 380 4229 compositu,
399 4117 469 4170 sed'
462 4133 519 4186 ipsa
535 4134 596 4174 voce
611 4119 645 4172 ab
655 4119 791 4202 allegoria
804 4127 838 4178 ad
854 4127 1004 4181 interiorem
1019 4144 1125 4181 ιιιιιιιιιι.
1137 4131 1271 4185 traducere
1287 4135 1421 4200 videatur,
1437 4135 1501 4206 Ppli
1515 4140 1576 4192 dico
1589 4156 1705 4194 comme·

167 4325 180 4361 2¹
252 4312 314 4363 Δ...]
368 4343 375 4362 ·
