3636 4740
765 379 1045 510 416...

162 637 243 713 tius
270 655 392 733 quam
420 654 462 708 re
488 655 579 708 vera
604 632 843 732 abjicerent,
882 653 1045 740 apparet
1069 665 1115 718 ex
1141 639 1364 742 fragmento
1391 644 1498 742 apud
1523 642 1647 728 Athe·

163 805 314 860 naeum
329 778 368 877 ³²)
397 794 570 873 servato,
597 786 706 884 quod
734 810 867 884 quum
892 788 937 863 in
963 788 1052 890 ipso
1078 792 1360 891 disputationis
1386 818 1480 897 suae
1505 795 1651 874 limine

171 935 414 1014 Suevernius
450 935 682 1027 collocaret,
721 962 887 1037 prorsus
915 940 1109 1038 neglexit,
1146 966 1230 1016 non
1259 939 1565 1036 ἀποβαλόντων,
1602 911 1665 1022 ut

164 1091 572 1190 Schweighaeuserus
602 1092 798 1182 ediderat,
826 1089 1230 1180 ωιοωοαιωαω
1248 1094 1292 1168 ιη
1320 1057 1525 1171 codicibus
1549 1093 1657 1202 regi,

162 1255 211 1318 ut
234 1243 406 1318 minime
434 1255 589 1317 certum
615 1241 684 1330 sit,
711 1238 821 1315 unde
849 1252 930 1316 tota
953 1240 1064 1315 illius
1083 1243 1278 1317 sententia
1294 1241 1459 1340 pendet,
1483 1241 1649 1346 senibus

163 1389 242 1466 illis
269 1391 484 1465 conamina
509 1412 581 1464 sua
608 1389 858 1464 successisse.
909 1381 1148 1486 Fragmenta
1172 1404 1275 1465 certe
1292 1390 1402 1483 nihil
1429 1391 1651 1468 ostendunt
1729 1392 1733 1399 ’

163 1544 243 1621 nisi
270 1543 414 1631 omnia,
435 1539 650 1639 elegantiae
675 1562 719 1614 ac
736 1504 1013 1639 nequitiarum
1022 1562 1173 1637 ,genera
1192 1551 1340 1617 tentata
1365 1564 1471 1630 esse,
1498 1539 1649 1640 quihus

161 1693 265 1770 illud
301 1692 421 1766 etiam
459 1690 550 1766 addi
585 1700 734 1788 potest,
775 1688 886 1787 quod
916 1684 1147 1790 felicissima
1176 1675 1383 1766 Fritzs'chii
1417 1689 1647 1790 conjectura

164 1842 262 1920 huic
288 1839 446 1918 fabulae
473 1839 726 1942 restituit³³):

462 1994 654 2092 βακτηρία
680 1993 722 2068 di
748 1990 894 2092 Περσὶς
926 1988 1015 2068 ἀντὶ
1042 1987 1270 2090 καμπύλης,

159 2154 212 2218 ut
246 2131 403 2219 cultum
438 2168 601 2243 quoque
632 2156 827 2241 agrestem
862 2157 902 2218 et
933 2144 1147 2220 horridum
1182 2140 1349 2219 delicato
1380 2153 1420 2216 et
1452 2139 1649 2231 adscititio

162 2301 366 2364 mutatum
394 2311 479 2362 esse
501 2253 852 2386 intedigami1s³ll3
881 2291 1032 2368 athaec
1050 2293 1155 2392 ipsa,
1183 2291 1346 2391 opinor,
1372 2307 1458 2365 non
1475 2312 1519 2364 ea
1537 2313 1649 2405 com·
1676 2287 1679 2292 “

164 2436 335 2512 mutatio
363 2447 483 2524 erat,
507 2459 630 2534 quam
657 2435 702 2509 in
728 2435 924 2534 Equitum
950 2435 1032 2512 fine
1056 2438 1341 2538 Aristophanes
1369 2437 1650 2549 commendat,

167 2601 215 2661 ut
229 2589 308 2668 ad
317 2586 535 2685 pristinum
562 2585 736 2677 nitorem
763 2586 943 2687 populus
969 2586 1135 2702 rediret,
1162 2590 1232 2671 sed
1254 2613 1435 2712 perversa
1451 2588 1522 2677 illa
1544 2603 1650 2664 aeta-
1709 2695 1714 2700 .
1753 2653 1757 2658 ,

118 2776 126 2788 ¹·
166 2749 256 2812 tum
291 2761 538 2847 morumque
575 2736 764 2811 omnium
801 2731 1007 2843 confusio,
1048 2742 1172 2833 quae
1183 2734 1449 2847 Strepsiadem
1482 2756 1651 2834 quoque

162 2889 356 2990 perdidit,
384 2896 590 2988 quamque·
609 2913 641 2962 s1
630 2859 852 2986 peculiari
869 2884 1002 2962 fabula
1018 2857 1303 2984 Aristophanes
1318 2886 1649 3001 porsequebatuc,
1691 2978 1693 2982 .

77 3076 82 3090 ·
163 3035 256 3114 secit
287 3035 464 3138 profecto
499 3037 609 3136 quod
639 3061 680 3133 se
707 3037 871 3136 suisque
897 3015 1076 3150 partibus
1109 3023 1153 3115 in
1181 3040 1333 3118 civitate
1360 3009 1649 3138 dignissimum

66 3220 70 3224 ·
114 3202 117 3231 ’·
166 3205 260 3270 erat.
310 3195 490 3266 Tantum
517 3189 640 3288 igitur
665 3189 794 3278 abest,
821 3203 868 3264 ut
894 3215 989 3265 cum
1002 3190 1220 3266 Suevernio
1235 3187 1349 3264 senes
1367 3187 1457 3262 illos
1474 3189 1519 3261 in
1537 3187 1649 3284 juve·
1713 3287 1719 3297 .

165 3340 291 3415 uilem
310 3351 478 3414 aetatem
502 3338 706 3414 ¹restitutos
726 3336 880 3437 puellas
899 3334 942 3415 in
960 3337 1270 3428 matrimonium
1289 3335 1448 3411 duxisse
1469 3334 1649 3428 credam,

232 3561 280 3629 54)
296 3560 388 3612 Athon.
399 3558 452 3620 111,
470 3559 525 3617 74;
542 3576 568 3625 p.
581 3558 638 3611 loe
649 3560 675 3609 s:
700 3533 780 3610 ποιεῖ
794 3558 824 3610 δὲ
842 3557 979 3626 λέγουσαν
993 3552 1150 3624 ἀρτόπωλιν
1167 3553 1378 3625 διηρπασμένων
1391 3550 1477 3624 αὐτῆς
1489 3551 1543 3628 τῶν
1556 3547 1650 3624 ἄρτων

67 3681 69 3684 f
163 3647 221 3705 timi
239 3648 293 3706 cciv
308 3651 340 3704 τό
358 3647 447 3721 γῆρας
464 3643 723 3716 οἷποβαλλὸντωνκ,
735 3669 758 3704 r.
764 3649 812 3704 A
832 3651 945 3708 Verbum
963 3641 1140 3714 ἀποβάλλειν
1157 3649 1188 3698 dc
1202 3650 1319 3714 personis
1336 3652 1445 3715 usurpat
1462 3665 1485 3700 v.
1497 3664 1520 3699 e.
1530 3648 1650 3703 Platode

75 3769 77 3772 ⁴
98 3798 100 3801 ,
164 3745 281 3813 republ
299 3746 330 3805 V,
348 3762 374 3812 p
368 3741 444 3794 474
458 3760 490 3792 e:
515 3735 583 3801 ὥςτε
598 3742 705 3810 μηδένα
722 3736 898 3809 αποβοίλλειν
915 3737 968 3794 τῶν
985 3736 1148 3792 α’νθουντων
1165 3731 1230 3792 ἐν
1210 3757 1279 3809 ωρα.

185 3837 279 3902 55)
305 3837 371 3889 Ρο11.
388 3854 471 3906 onom.
489 3835 522 3886 X.
541 3834 609 3895 175,
636 3837 702 3906 confi
718 3836 856 3888 Fritzscltii
878 3835 1038 3887 emcndnttss
1030 3851 1058 3886 ιιι
1074 3832 1207 3902 Aristoplr.
1222 3834 1343 3902 fragm.
1359 3835 1419 3884 ante
1435 3833 1490 3885 ind.
1506 3833 1578 3886 lectt.
1596 3833 1648 3890 lto
1741 3906 1744 3911 Δ

167 3930 248 3984 ιῑοιῑι
265 3931 317 3981 hit.
336 3927 423 3992 1854,
460 3929 504 3982 ..4
1718 3981 1724 3986 .

234 4021 284 4088 54)
307 3950 471 4090 Etymottll.
488 4041 515 4092 p
530 4022 583 4075 185
600 4027 665 4075 extr.
689 4021 770 4092 Sylla:
787 4021 948 4092 βακτηρια,
977 4015 1013 4092 ἧν
1029 4019 1150 4075 ἐκάλουν
1176 4012 1277 4089 ὀρθήν
1295 4015 1417 4088 ἐχρῶντο
1436 4021 1466 4075 δὲ
1484 4014 1554 4090 αντῇ
1574 4020 1602 4073 οι
1621 4021 1651 4076 ἐν
1741 4050 1745 4054 >

154 4113 371 4188 ¹areptoootot..
391 4115 452 4185 ,τῇ
471 4119 500 4171 δὲ
516 4117 647 4188 καμπύλη
667 4116 696 4172 oi
713 4111 859 4191 ἅγρριαοι·
885 4121 951 4188 conf.
969 4116 1078 4180 (ἓιιιιιιιῑι.
1094 4116 1130 4167 ad
1147 4112 1274 4185 Theophr.
1292 4111 1404 4166 charact.
1421 4112 1460 4178 5
1473 4113 1549 4188 pit}
1563 4114 1650 4170 Fisclt
1741 4154 1745 4162 .
